<record><leader>00000cas a22000007a 4500</leader><controlfield tag="001">10310378</controlfield><controlfield tag="008">840118c19uu9999okuwr ne      0   a0eng d</controlfield><datafield ind1=" " ind2=" " tag="010"><subfield code="a">sn 84007674 </subfield></datafield><datafield ind1=" " ind2=" " tag="040"><subfield code="a">NSD</subfield><subfield code="b">eng</subfield><subfield code="c">NSD</subfield><subfield code="d">OCLCQ</subfield></datafield><datafield ind1=" " ind2=" " tag="012"><subfield code="m">1</subfield></datafield><datafield ind1="1" ind2=" " tag="022"><subfield code="a">0746-8326</subfield><subfield code="l">0746-8326</subfield><subfield code="2">1</subfield></datafield><datafield ind1="1" ind2=" " tag="029"><subfield code="a">AU@</subfield><subfield code="b">000043212777</subfield></datafield><datafield ind1="1" ind2=" " tag="029"><subfield code="a">NZ1</subfield><subfield code="b">16076168</subfield></datafield><datafield ind1=" " ind2=" " tag="032"><subfield code="a">710690</subfield><subfield code="b">USPS</subfield></datafield><datafield ind1=" " ind2=" " tag="037"><subfield code="b">Oklahoma County Newspapers, Inc., 804 West Curtiss, Midwest City, OK 73110</subfield></datafield><datafield ind1=" " ind2=" " tag="042"><subfield code="a">nsdp</subfield></datafield><datafield ind1="0" ind2=" " tag="130"><subfield code="a">Sunday sun (Midwest City, Okla.)</subfield></datafield><datafield ind1=" " ind2="0" tag="222"><subfield code="a">Sunday sun</subfield><subfield code="b">(Midwest City, Okla.)</subfield></datafield><datafield ind1="1" ind2="4" tag="245"><subfield code="a">The Sunday sun.</subfield></datafield><datafield ind1=" " ind2=" " tag="260"><subfield code="a">Midwest City, Okla. :</subfield><subfield code="b">[Oklahoma County Newspapers, Inc.]</subfield></datafield><datafield ind1=" " ind2=" " tag="310"><subfield code="a">Weekly</subfield></datafield><datafield ind1=" " ind2=" " tag="588"><subfield code="a">Description based on: Vol. 4, no. 77 (Sunday, Dec. 18, 1983).</subfield></datafield><datafield ind1=" " ind2=" " tag="752"><subfield code="a">United States</subfield><subfield code="b">Oklahoma</subfield><subfield code="c">Oklahoma</subfield><subfield code="d">Midwest City.</subfield></datafield><datafield ind1=" " ind2=" " tag="936"><subfield code="a">Sunday, Dec. 18, 1983</subfield></datafield></record>